<record><leader>00000cas a22000007a 4500</leader><controlfield tag="001">14555339</controlfield><controlfield tag="008">861028u1911uuuutxuwr ne      0    0eng d</controlfield><datafield ind1=" " ind2=" " tag="010"><subfield code="a">sn 86089848 </subfield></datafield><datafield ind1=" " ind2=" " tag="040"><subfield code="a">PPM</subfield><subfield code="b">eng</subfield><subfield code="c">PPM</subfield><subfield code="d">OCLCQ</subfield></datafield><datafield ind1=" " ind2=" " tag="042"><subfield code="a">msc</subfield></datafield><datafield ind1="0" ind2="4" tag="245"><subfield code="a">The Ozona optimist.</subfield></datafield><datafield ind1=" " ind2=" " tag="260"><subfield code="a">Ozona, Tex. :</subfield><subfield code="b">Marvin Hunter,</subfield><subfield code="c">1911-</subfield></datafield><datafield ind1=" " ind2=" " tag="300"><subfield code="a">v. :</subfield><subfield code="b">ill.</subfield></datafield><datafield ind1=" " ind2=" " tag="310"><subfield code="a">Weekly</subfield></datafield><datafield ind1="0" ind2=" " tag="362"><subfield code="a">Vol. 1, no. 1 (Mar. 24, 1911)-</subfield></datafield><datafield ind1=" " ind2=" " tag="752"><subfield code="a">United States</subfield><subfield code="b">Texas</subfield><subfield code="c">Crockett</subfield><subfield code="d">Ozona.</subfield></datafield><datafield ind1="0" ind2="5" tag="780"><subfield code="t">Ozona kicker</subfield></datafield><datafield ind1="1" ind2=" " tag="029"><subfield code="a">AU@</subfield><subfield code="b">000025841564</subfield></datafield></record>